@article{calainho1999cavitaccao,
  title={Cavita{\c{c}}{\~a}o em turbinas hidr{\'a}ulicas do tipo Francis e Kaplan no Brasil},
  author={CALAINHO, Jos{\'e} Adalberto Lage and Horta, CA and Gon{\c{c}}alves, C and Lom{\^o}naco, FG},
  journal={ANAIS DO XV SEMIN{\'A}RIO NACIONAL DE PRODU{\c{C}}{\~A}O E TRANSMISS{\~A}O DE ENERGIA EL{\'E}TRICA, 6p., Foz do Igua{\c{c}}u},
  volume={1},
  year={1999}
}