@article{juttler2002least,
  title={Least-squares fitting of algebraic spline surfaces},
  author={J{\"u}ttler, Bert and Felis, Alf},
  journal={Advances in Computational Mathematics},
  volume={17},
  number={1-2},
  pages={135--152},
  year={2002},
  publisher={Springer}
}

@book{arlinghaus1994practical,
  title={Practical handbook of curve fitting},
  author={Arlinghaus, Sandra},
  year={1994},
  publisher={CRC press}
}

@techreport{DIN_2007,
	type = {Standard},
	key = {DIN EN 573-3},
	year = {2007},
	title = {{Aluminium und Aluminiumlegierungen Chemische Zusammensetzung und Form von Halbzeugen}},
	institution = {Deutsches Institut f√ºr Normung}
}

@techreport{MH12_manual,
	type = {Manual},
	key = {HW1482347},
	title = {{MOTOMAN-MH12 Instructions}},
	volume = {1},
	year = {2015},
	institution = {YASKAWA MOTOMAN ROBOTICS}
}

@book{farin2002curves,
  title={Curves and surfaces for CAGD: a practical guide},
  author={Farin, Gerald E},
  year={2002},
  publisher={Morgan Kaufmann}
}

@article{diankov2008openrave,
  title={Openrave: A planning architecture for autonomous robotics},
  author={Diankov, Rosen and Kuffner, James},
  journal={Robotics Institute, Pittsburgh, PA, Tech. Rep. CMU-RI-TR-08-34},
  volume={79},
  year={2008}
}

@article{from2010off,
  title={Off-Shore Robotics: Robust and Optimal Solutions for Autonomous Operation},
  author={From, Paal Johan},
  year={2010}
}

@book{peters2008subdivision,
  title={Subdivision surfaces},
  author={Peters, J{\"o}rg and Reif, Ulrich},
  year={2008},
  publisher={Springer}
}