@article{wu2006rebound,
  title={The rebound phenomenon in kinetic spraying deposition},
  author={Wu, Jingwei and Fang, Hongyuan and Yoon, Sanghoon and Kim, HyungJun and Lee, Changhee},
  journal={Scripta materialia},
  volume={54},
  number={4},
  pages={665--669},
  year={2006},
  publisher={Elsevier}
}

@article{goldemberg2007energia,
  title={Energia e meio ambiente no Brasil},
  author={Goldemberg, Jos{\'e} and Lucon, Oswaldo},
  journal={Estudos Avan{\c{c}}ados},
  volume={21},
  number={59},
  pages={7--20},
  year={2007},
  publisher={SciELO Brasil}
}

@article{santa2009slurry,
  title={Slurry and cavitation erosion resistance of thermal spray coatings},
  author={Santa, JF and Espitia, LA and Blanco, JA and Romo, SA and Toro, A},
  journal={Wear},
  volume={267},
  number={1},
  pages={160--167},
  year={2009},
  publisher={Elsevier}
}

@book{brennen2013cavitation,
  title={Cavitation and bubble dynamics},
  author={Brennen, Christopher E},
  year={2013},
  publisher={Cambridge University Press},
  page={203}
}

@misc{diborides,
  title={Research and Development of Refractory Oxidation Resistant Diborides},
  author={Rhodes, W. H. and Clougherty, E. V. and Kalish, D. },
  year={1970},
}

@book{bansal2005ceramic,
  title={Handbook of Ceramic Composites},
  author={Bansal, Narottam P.},
  year={2005},
  publisher={Springer US}
}

@article{armada2003application,
  title={Application of CLAWAR machines},
  author={Armada, Manuel and De Santos, Pablo Gonzalez and Jim{\'e}nez, Mar{\'\i}a A and Prieto, Manuel},
  journal={The International Journal of Robotics Research},
  volume={22},
  number={3-4},
  pages={251--264},
  year={2003},
  publisher={SAGE Publications}
}

@article{escaler2006detection,
  title={Detection of cavitation in hydraulic turbines},
  author={Escaler, Xavier and Egusquiza, Eduard and Farhat, Mohamed and Avellan, Fran{\c{c}}ois and Coussirat, Miguel},
  journal={Mechanical systems and signal processing},
  volume={20},
  number={4},
  pages={983--1007},
  year={2006},
  publisher={Elsevier}
}

@article{kim2008development,
  title={Development of a wall-climbing robot using a tracked wheel mechanism},
  author={Kim, Hwang and Kim, Dongmok and Yang, Hojoon and Lee, Kyouhee and Seo, Kunchan and Chang, Doyoung and Kim, Jongwon},
  journal={Journal of mechanical science and technology},
  volume={22},
  number={8},
  pages={1490--1498},
  year={2008},
  publisher={Springer}
}

@article{manzdevelopment,
  title={DEVELOPMENT OF A LIGHTWEIGHT MANIPULATOR ARM USING HETEROGENEOUS MATERIALS AND MANUFACTURING TECHNOLOGIES},
  author={Manz, Marc and Hilljegerdes, Jens and Dettmann, Alexander and Kirchner, Frank}
}

@article{roma,
  title={ROMA robots for inspection of steel based infrastructures},
  author={C. Balaguer, A. Gimenez and M. Abderrahim},
  journal={Industrial Robot: An international Journal},
  year={2002}
}

@article{jeon2012maintenance,
  title={Maintenance robot for wind power blade cleaning},
  author={Jeon, Minseok and Kim, Byunggon and Park, Sora and Hong, Daehie},
  journal={Seoul, Korea: Department of Mechanical Engineering, Korea University},
  year={2012}
}

@misc{torbo,
 title = {torboMate Crawler},
 author={Torbo},
 howpublished={torboMate Crawler website. http://www.torbo24.com {A}cessado no dia 30 de {M}ar√ßo, 2015},
 year={2008},
} 

@inproceedings{riwea,
  title={Robot for rotor blade inspection},
  author={Elkmann, Norbert and Felsch, Torsten and Forster, Tilo},
  booktitle={Applied Robotics for the Power Industry (CARPI), 2010 1st International Conference on},
  pages={1--5},
  year={2010},
  organization={IEEE}
}

@article{CROMSCI,
  title={CROMSCI - A climbing robot with multiple sucking chambers for inspection tasks},
  author={C. Hillenbrand, D. Schmidt and K. Berns},
  journal={WSPC Proceedings},
  year={2008}
}

@article{robug,
  title={Intelligent legged climbing service robot for remote maintenance applications in hazardous environments},
  author={Luk, Bing L and Cooke, David S and Galt, Stuart and Collie, Arthur A and Chen, Sheng},
  journal={Robotics and Autonomous Systems},
  volume={53},
  number={2},
  pages={142--152},
  year={2005},
  publisher={Elsevier}
}

@inproceedings{tripillar,
  title={TRIPILLAR: Miniature magnetic caterpillar climbing robot with plane transition ability},
  author={Rochat, Fr{\'e}d{\'e}ric and Schoeneich, Patrick and Nguyen, Olivier Truong-Dat and Mondada, Francesco},
  booktitle={Proceedings of 12th International conference on climbing and walking robots and the support technologies for mobile machines (CLAWAR)},
  volume={1},
  number={LSRO-CONF-2009-023},
  pages={343--350},
  year={2009},
  organization={World Scientific}
}

@article{robicen,
  title={ROBICEN: A pneumatic climbing robot for inspection of pipes and tanks},
  author={M. A. Senna and A. Avello},
  journal={The Fifth International Symposium Barcelona, Catalonia},
  year={1997}
}

@article{crgb,
  title={Development of a Climbing Robot or Grit Blasting Operations in Shipyards},
  author={A. Faina, D. Souto, A. Deibe, F. Lopez-Pena, R. J. Duro and X. Fernandez},
  journal={Proc. of the 2009 IEEE International Conference on Robotics and Automation, pp. 200-205},
  year={2009}
}

@inproceedings{motta2010prototype,
  title={A prototype of a specialized robotic system for repairing hydraulic turbine blades},
  author={Motta, JMST and Llanos, CH and Carvalho, GC and Alfaro, SCA},
  booktitle={Applied Robotics for the Power Industry (CARPI), 2010 1st International Conference on},
  pages={1--6},
  year={2010},
  organization={IEEE}
}

@article{rrx3,
  title={Rail Running Mobile Welding Robot RRX3 for Double Hull Ship Structures},
  author={J. Kim, K. Y. Lee, T. Kim, D. Lee, S. Lee, C. Lim and S. W. Kang},
  journal={Proc. of the 6th International Conference on Climbing and Walking Robots, pp. 1061-1069},
  year={2004}
}

@article{modular,
  title={Concept of a modular climbing robot},
  author={J. Maempel, T. Koch, S. Koehring, A. Obermaier and H. Witte},
  journal={IEEE Symposium on Industrial Electronics and Applications (ISIEA)},
  year={2009}
}

@article{climbsurv,
  title={A Survey of Climbing Robots: Locomotion and Adhesion},
  author={B. Chu, K. Jung, C. Han and D. Hong},
  journal={International Journal of Precision Engineering and Manufacturing, Vol. 11, No 4, pp. 633-647},
  year={2010}
}

@article{brown,
  title={Renewable energy markets and prospects by technology},
  author={A. Brown, S. M{\"u}ller and Z. Dobrotkov{\'a}},
  journal={International Energy Agency (IEA)/OECD},
  year={2011}
}

@article{jeon2012maintenance,
  title={Maintenance robot for wind power blade cleaning},
  author={Jeon, Minseok and Kim, Byunggon and Park, Sora and Hong, Daehie},
  journal={Seoul, Korea: Department of Mechanical Engineering, Korea University},
  year={2012}
}

@inproceedings{riwea,
  title={Robot for rotor blade inspection},
  author={Elkmann, Norbert and Felsch, Torsten and Forster, Tilo},
  booktitle={Applied Robotics for the Power Industry (CARPI), 2010 1st International Conference on},
  pages={1--5},
  year={2010},
  organization={IEEE}
}

@article{ecofys,
  title={Financing Renewable Energy in the European Energy Market: Final Report},
  author={Ecofys, Fraunhofer ISI, TU Vienna EEG and Ernst {\&} Young},
  journal={Ecofys},
  year={2011}
}

@misc{wi,
 title = {Use and Capacity of Global Hydropower Increases},
 author={Worldwatch Institute},
 howpublished={Worldwatch Institute Vision for a Sustainable World website. http://www.worldwatch.org/node/9527 {A}ccessed on {D}ecember 29$^{th}$, 2014},
 year={2012},
} 

@misc{icm,
 title = {The Climber},
 author={International Climbing Machines},
 howpublished={International Climbing Machines (ICM) website. http://www.icm.cc/climber.php {A}ccessed on {M}arch 30$^{th}$, 2015},
 year={2015},
} 

@misc{aneel,
 title = {Atlas de Energia El{\'e}tria - Third Edition},
 author={ANEEL},
 howpublished={Ag{\^e}ncia Nacional de Energia El{\'e}trica (ANEEL) website. http://www.aneel.gov.br. {A}ccessed on {D}ecember 29$^{th}$, 2014},
 year={2008},
}

@misc{amazon,
 title = {A Raging River},
 author={Ana Aranha},
 howpublished={Amazon Watch - Eye on the Amazon website. http://amazonwatch.org/news/2013/0124-a-raging-river. {A}ccessed on {J}anuary 2$^{nd}$, 2015},
 year={2013},
} 

@book{jack,
  title={Hydraulic Gates and Valves: In Free Surface Flow and Submerged Outlets},
  author={Jack Lewin},
  publisher={Thomas Telford},
  year={1995}
}

@inproceedings{pinc,
  title={Design of movable weirs and storm surge barriers},
  author={InCom Working Group 26},
  booktitle={InCom report of WG 26},
  year={2006}
} 

@misc{hatch,
 title = {Innovative log lifter improves safety and efficiency at the Ivanhoe Dam},
 author={Hatch},
 howpublished={Hatch news website. http://hatch.ca/news{\_}publications/Energy{\_}Innovations. {A}ccessed on {J}anuary 4$^{th}$, 2015},
 year={2009},
} 

@misc{atlas,
 title = {Stop Log Lifter Systems},
 author={Atlas Polar},
 howpublished={Atlas Polar website. http://www.atlaspolar.com/trash-rake/stop-log-lifter-systems.html. {A}ccessed on {J}anuary 4$^{th}$, 2015},
 year={2015},
} 

@article{roboturb,
author = {Bonacorso, Nelso Gauze and Goncalves, Jr a a and Dutra, Jair Carlos},
journal = {Journal of Materials Processing Technology},
keywords = {Cavitation,Hydraulic turbines,Metrology,Robotics,Welding},
number = {1-3},
pages = {231--238},
title = {{Automation of the processes of surface measurement and of deposition by welding for the recovery of rotors of large-scale hydraulic turbines}},
volume = {179},
year = {2006}
}

@article{scompi,
author = {Bibuli, Marco and Caccia, Massimo and Lapierre, Lionel},
doi = {10.1002/rob},
file = {:home/flash/Downloads/20427\_ftp.pdf:pdf},
isbn = {9783902661623},
issn = {14746670},
journal = {IFAC Proceedings Volumes (IFAC-PapersOnline)},
keywords = {Backstepping,Non-linear control,Path-following},
number = {PART 1},
pages = {81--86},
title = {{Path-following algorithms and experiments for an autonomous surface vehicle}},
volume = {7},
year = {2007}
}

